<?xml version="1.0" encoding="UTF-8"?><collection xmlns="http://www.loc.gov/MARC21/slim"><record><leader>00591nam--2200181-i-4500</leader><controlfield tag="001">000029319</controlfield><controlfield tag="002">20161230</controlfield><controlfield tag="005">20161230201037</controlfield><controlfield tag="008">060222s1000------------r-----000-0-fre-d</controlfield><datafield ind1=" " ind2=" " tag="040"><subfield code="a">IFIN-HH</subfield></datafield><datafield ind1=" " ind2=" " tag="041"><subfield code="a">fre</subfield></datafield><datafield ind1=" " ind2=" " tag="080"><subfield code="a">539.124.172(043):539.2(043)</subfield></datafield><datafield ind1="1" ind2=" " tag="100"><subfield code="a">Larroque, Paul</subfield></datafield><datafield ind1="1" ind2="0" tag="245"><subfield code="a">Emploi du calcul automatique et de la diffraction des electrons dans l`etude de la constante reticulaire des tres petits cristaux metalliques</subfield><subfield code="b">These</subfield><subfield code="c">Paul larroque</subfield></datafield><datafield ind1=" " ind2=" " tag="260"><subfield code="a">Toulouse</subfield><subfield code="b">Universite De Toulouse</subfield><subfield code="c">1962</subfield></datafield><datafield ind1=" " ind2=" " tag="300"><subfield code="a">102P</subfield></datafield><datafield ind1=" " ind2=" " tag="852"><subfield code="a">42105</subfield><subfield code="c">539.2</subfield></datafield><datafield ind1=" " ind2=" " tag="CAT"><subfield code="a">Sys</subfield><subfield code="c">20121024</subfield><subfield code="h">120942</subfield></datafield></record></collection>